@article{lilJonOk,
    author = {Jon, Lil},
    title = {What?},
    journal = {Yeah},
    issue_date = {2003},
    volume = {3},
    number = {4},
    month = jan,
    year = {2003},
    pages = {453-462},
} 
